@BOOK{grbuch,
    author = "Christoph Klauck \& Christoph Maas",
    title = "Graphentheorie für Studierende der Informatik",
    year = "2015",
    edition = "6.",
    publisher = "HAW Hamburg",
}

@BOOK{alggra,
    author = "Peter Läuchli",
    title = "Algorithmische Graphentheorie",
    year = "1991",
    edition = "9.",
    publisher = "Birkhäuser, Basel",
    note = "ISBN: 978-3-0348-5635-5",
}

@MISC {ffwikipedia,
    author = "Carsten Milkau",
    title = "Algorithmus von Ford und Fulkerson",
    publisher = "Wikimedia Foundation Inc.",
    edition = "1.",
    year = "2019",
    month = "Juni",
    note = "Revision 21.06.2019 \url{https://de.wikipedia.org/wiki/Algorithmus_von_Ford_und_Fulkerson}",
}

@MISC {erlwikipedia,
    author = "Marc van Woerkom",
    title = "Erlang (Programmiersprache)",
    publisher = "Wikimedia Foundation Inc.",
    edition = "1.",
    year = "2019",
    month = "November",
    note = "\\\url{https://de.wikipedia.org/wiki/Erlang_(Programmiersprache)}",
}

@MISC {gkapub,
    author = "Prof. Dr. C. Klauck",
    title = "Aufgabe 3: Flußprobleme",
    publisher = "HAW Hamburg",
    edition = "1.",
    year = "2019",
    note = "\\\url{https://users.informatik.haw-hamburg.de/~klauck/GKA/aufg3.html}",
}