%! Author = Adrian Helberg
%! Script = 18.02.2020
%! Presentation = 21.02.2020

@article{test,
    author = {Dr. Test},
    title = {The Test},
    journal = {Test Journal},
    year = {2020},
}