@misc{suchen,
    title = {Evolutionärer Algorithmus},
    howpublished = {\url{https://de.wikipedia.org/wiki/Evolution%C3%A4rer_Algorithmus}},
    author = {User: NadirSH},
    year = {2019},
    month = {August},
}

@misc{salesman,
    title = {Problem des Handlungsreisenden},
    howpublished = {\url{https://de.wikipedia.org/wiki/Problem_des_Handlungsreisenden}},
    author = {User: Akaq},
    year = {2019},
    month = {Dezember},
}

@misc{impl,
    title = {Implementation Traveling Salesman},
    howpublished = {\url{https://github.com/LazoCoder/Genetic-Algorithm-for-the-Traveling-Salesman-Problem}},
    author = {User: LazoCoder},
    year = {2017},
    month = {Februar},
}

@misc{lernen,
    title = {Selbstorganisierende Karten},
    howpublished = {\url{https://de.wikipedia.org/wiki/Selbstorganisierende_Karte}},
    author = {User: Orthographus},
    year = {2020},
    month = {Jannuar},
}

@misc{som,
    title = {Selbstorganisierende Karten - Proseminar Neuronale Netze},
    howpublished = {\url{http://www.informatik.uni-ulm.de/ni/Lehre/WS04/ProSemNN/pdf/SOM.pdf}},
    author = {Yacin Bessas},
    year = {2015},
    month = {April},
}

@misc{sequenzen,
    title = {A deep learning approach to on-node sensor data analytics for mobile or wearable devices},
    howpublished = {Download from \url{https://www.researchgate.net/publication/311947612_A_Deep_Learning_Approach_to_on-Node_Sensor_Data_Analytics_for_Mobile_or_Wearable_Devices}},
    author = {Daniele Ravi},
    year = {2017},
    month = {Jannuar},
}

@misc{trolley,
    title = {Trolley-Problem},
    howpublished = {\url{https://de.wikipedia.org/wiki/Trolley-Problem}},
    author = {Thomas Leske},
    year = {2020},
    month = {Februar},
}

@misc{ethik,
    title = {Einer muss sterben - nur wer?},
    howpublished = {\url{https://www.spiegel.de/wissenschaft/technik/unfaelle-mit-selbstfahrenden-autos-wer-soll-leben-wer-soll-sterben-a-1234901.html}},
    author = {Julia Köppe},
    year = {2018},
    month = {Oktober},
}

@misc{fahren,
    title = {Ethik-Kommission - Automatisiertes und vernetztes Fahren},
    howpublished = {\url{https://www.bmvi.de/SharedDocs/DE/Publikationen/DG/bericht-der-ethik-kommission.pdf?__blob=publicationFile}},
    author = {Bundesministerium für Verkehr und digitale Infrastruktur},
    year = {2017},
    month = {Juni},
}