%% LaTeX2e file `quellen.bib'
%% generated by the `filecontents' environment
%% from source `script' on 2020/02/16.
%%
@misc{sequenzen,
    title = {A deep learning approach to on-node sensor data analytics for mobile or wearable devices},
    howpublished = {Download from \url{https://www.researchgate.net/publication/311947612_A_Deep_Learning_Approach_to_on-Node_Sensor_Data_Analytics_for_Mobile_or_Wearable_Devices}},
    author = {Daniele Ravi},
    year = {2017},
    month = {Jan},
    note = {Accessed: 03.02.2020},
}
