@misc{suchen,
    title = {Evolutionärer Algorithmus},
    howpublished = {\url{https://de.wikipedia.org/wiki/Evolution%C3%A4rer_Algorithmus}},
    author = {User: NadirSH},
    year = {2019},
    month = {August},
}

@misc{salesman,
    title = {Problem des Handlungsreisenden},
    howpublished = {\url{https://de.wikipedia.org/wiki/Problem_des_Handlungsreisenden}},
    author = {User: Akaq},
    year = {2019},
    month = {Dezember},
}

@misc{impl,
    title = {Implementation Traveling Salesman},
    howpublished = {\url{https://github.com/LazoCoder/Genetic-Algorithm-for-the-Traveling-Salesman-Problem}},
    author = {User: LazoCoder},
    year = {2017},
    month = {Februar},
}

@misc{lernen,
    title = {Selbstorganisierende Karten},
    howpublished = {\url{https://de.wikipedia.org/wiki/Selbstorganisierende_Karte}},
    author = {User: Orthographus},
    year = {2020},
    month = {Jannuar},
}

@misc{som,
    title = {Selbstorganisierende Karten - Proseminar Neuronale Netze},
    howpublished = {\url{http://www.informatik.uni-ulm.de/ni/Lehre/WS04/ProSemNN/pdf/SOM.pdf}},
    author = {Yacin Bessas},
    year = {2015},
    month = {April},
}

@misc{sequenzen,
    title = {A deep learning approach to on-node sensor data analytics for mobile or wearable devices},
    howpublished = {Download from \url{https://www.researchgate.net/publication/311947612_A_Deep_Learning_Approach_to_on-Node_Sensor_Data_Analytics_for_Mobile_or_Wearable_Devices}},
    author = {Daniele Ravi},
    year = {2017},
    month = {Jannuar},
}

@misc{trolley,
    title = {Trolley-Problem},
    howpublished = {\url{https://de.wikipedia.org/wiki/Trolley-Problem}},
    author = {Thomas Leske},
    year = {2020},
    month = {Februar},
}

@inproceedings{Eimler2018,
    author = {Eimler, Sabrina AND Geisler, Stefan AND Mischewski, Philipp},
    title = {Ethik im autonomen Fahrzeug: Zum menschlichen Verhalten in drohenden Unfallsituationen},
    booktitle = {Mensch und Computer 2018 - Workshopband},
    year = {2018},
    editor = {Dachselt, Raimund AND Weber, Gerhard} ,
    doi = { 10.18420/muc2018-ws15-0516 },
    publisher = {Gesellschaft für Informatik e.V.},
    address = {Bonn}
}